<record xmlns="http://www.loc.gov/MARC21/slim" xmlns:xsi="http://www.w3.org/2001/XMLSchema-instance" xsi:schemaLocation="http://www.loc.gov/MARC21/slim http://www.loc.gov/standards/marcxml/schema/MARC21slim.xsd">

  <leader>01097nam a2200217   4500</leader>
  <datafield ind1=" " tag="999" ind2=" ">
    <subfield code="c">2766</subfield>
    <subfield code="d">2766</subfield>
  </datafield>
  <controlfield tag="008">150805b2014    c  ||||| |||| 00| | spa d</controlfield>
  <datafield ind1=" " tag="020" ind2=" ">
    <subfield code="a">9789968527323</subfield>
  </datafield>
  <datafield ind2=" " tag="090" ind1=" ">
    <subfield code="a">14.02.03 </subfield>
    <subfield code="b">1836 </subfield>
  </datafield>
  <datafield tag="100" ind1="1" ind2=" ">
    <subfield code="9">715</subfield>
    <subfield code="a">Cordero Cordero, Teresita </subfield>
  </datafield>
  <datafield tag="245" ind1="1" ind2="0">
    <subfield code="a">Mujeres transformando mandatos sociales. Universidad de Costa Rica (1940-1959) /</subfield>
    <subfield code="c">Teresita Cordero Cordero</subfield>
  </datafield>
  <datafield ind1=" " tag="260" ind2=" ">
    <subfield code="a">San José, Costa Rica :</subfield>
    <subfield code="b">INIE,</subfield>
    <subfield code="c">2014</subfield>
  </datafield>
  <datafield tag="300" ind1=" " ind2=" ">
    <subfield code="a">211 páginas; </subfield>
    <subfield code="b">ilustraciones</subfield>
  </datafield>
  <datafield ind2=" " ind1=" " tag="520">
    <subfield code="a">Este libro es producto de dos investigaciones realizadas por la Dra Teresita Cordero, durante el periódo 2006-2011, en dos proyectos inscritos: el primero, en el Centro de Investigación de Estudios de la Mujer (CIEM) y el segundo en el Instituto de Investigación en Educación (INIE), no. 724-A9-310.</subfield>
  </datafield>
  <datafield ind2="4" ind1=" " tag="610">
    <subfield code="9">714</subfield>
    <subfield code="a">UNIVERSIDAD DE COSTA RICA</subfield>
  </datafield>
  <datafield tag="650" ind1="1" ind2="4">
    <subfield code="9">55</subfield>
    <subfield code="a">MUJERES</subfield>
  </datafield>
  <datafield ind2="4" tag="650" ind1="1">
    <subfield code="9">716</subfield>
    <subfield code="a">PARTICIPACIÓN DE LA MUJER</subfield>
  </datafield>
  <datafield tag="650" ind1="1" ind2="4">
    <subfield code="9">374</subfield>
    <subfield code="a">MOVIMIENTOS SOCIALES</subfield>
  </datafield>
  <datafield ind2="4" tag="650" ind1="1">
    <subfield code="9">8</subfield>
    <subfield code="a">EDUCACIÓN SUPERIOR</subfield>
  </datafield>
  <datafield ind2=" " ind1=" " tag="856">
    <subfield code="u">http://www.inie.ucr.ac.cr/components/com_booklibrary/ebooks/mujeres%20transformando_digital.pdf</subfield>
  </datafield>
  <datafield ind2=" " tag="942" ind1=" ">
    <subfield code="2">z</subfield>
    <subfield code="c">01</subfield>
  </datafield>
</record>